@article{farago2022review,
  title     = {A review of techniques for surface electromyography signal quality analysis},
  author    = {Farago, Emma and MacIsaac, Dawn and Suk, Michelle and Chan, Adrian DC},
  journal   = {IEEE Reviews in Biomedical Engineering},
  volume    = {16},
  pages     = {472--486},
  year      = {2022},
  publisher = {IEEE}
}

@article{simao2019review,
  title     = {A review on electromyography decoding and pattern recognition for human-machine interaction},
  author    = {Simao, Miguel and Mendes, Nuno and Gibaru, Olivier and Neto, Pedro},
  journal   = {Ieee Access},
  volume    = {7},
  pages     = {39564--39582},
  year      = {2019},
  publisher = {IEEE}
}

@article{zheng2022surface,
  title     = {Surface electromyography as a natural human--machine interface: a review},
  author    = {Zheng, Mingde and Crouch, Michael S and Eggleston, Michael S},
  journal   = {IEEE Sensors Journal},
  volume    = {22},
  number    = {10},
  pages     = {9198--9214},
  year      = {2022},
  publisher = {IEEE}
}

@article{oladazimi2012review,
  title  = {A review for feature extraction of EMG signal processing},
  author = {Oladazimi, Maysam and Vaneghi, Fatemeh Molaei and Safari, MJ and Asadi, Houshyar and Kaboli, Seyd Hamidreza Aghay},
  year   = {2012}
}

@article{ameri2019regression,
  title     = {Regression convolutional neural network for improved simultaneous EMG control},
  author    = {Ameri, Ali and Akhaee, Mohammad Ali and Scheme, Erik and Englehart, Kevin},
  journal   = {Journal of neural engineering},
  volume    = {16},
  number    = {3},
  pages     = {036015},
  year      = {2019},
  publisher = {IOP Publishing}
}

@inproceedings{briouza2021convolutional,
  title        = {A convolutional neural network-based architecture for EMG signal classification},
  author       = {Briouza, Sami and Gritli, Hass{\`e}ne and Khraief, Nahla and Belghith, Safya and Singh, Dilbag},
  booktitle    = {2021 International Conference on Data Analytics for Business and Industry (ICDABI)},
  pages        = {107--112},
  year         = {2021},
  organization = {IEEE}
}

@article{zhang2023lstm,
  title     = {LSTM-MSA: A Novel Deep Learning Model With Dual-Stage Attention Mechanisms Forearm EMG-Based Hand Gesture Recognition},
  author    = {Zhang, Haotian and Qu, Hang and Teng, Long and Tang, Chak-Yin},
  journal   = {IEEE Transactions on Neural Systems and Rehabilitation Engineering},
  volume    = {31},
  pages     = {4749--4759},
  year      = {2023},
  publisher = {IEEE}
}

@article{lee2022explainable,
  title     = {Explainable deep learning model for EMG-based finger angle estimation using attention},
  author    = {Lee, Hyunin and Kim, Dongwook and Park, Yong-Lae},
  journal   = {IEEE Transactions on Neural Systems and Rehabilitation Engineering},
  volume    = {30},
  pages     = {1877--1886},
  year      = {2022},
  publisher = {IEEE}
}

@article{liu2007recognition,
  title     = {Recognition of electromyographic signals using cascaded kernel learning machine},
  author    = {Liu, Yi-Hung and Huang, Han-Pang and Weng, Chang-Hsin},
  journal   = {IEEE/ASME Transactions on Mechatronics},
  volume    = {12},
  number    = {3},
  pages     = {253--264},
  year      = {2007},
  publisher = {IEEE}
}

@article{liu2024kan,
  title   = {Kan: Kolmogorov-arnold networks},
  author  = {Liu, Ziming and Wang, Yixuan and Vaidya, Sachin and Ruehle, Fabian and Halverson, James and Solja{\v{c}}i{\'c}, Marin and Hou, Thomas Y and Tegmark, Max},
  journal = {arXiv preprint arXiv:2404.19756},
  year    = {2024}
}

@article{oskoei2007myoelectric,
  title     = {Myoelectric control systemsâ€”A survey},
  author    = {Oskoei, Mohammadreza Asghari and Hu, Huosheng},
  journal   = {Biomedical signal processing and control},
  volume    = {2},
  number    = {4},
  pages     = {275--294},
  year      = {2007},
  publisher = {Elsevier}
}

@article{zia2018multiday,
  title     = {Multiday EMG-based classification of hand motions with deep learning techniques},
  author    = {Zia ur Rehman, Muhammad and Waris, Asim and Gilani, Syed Omer and Jochumsen, Mads and Niazi, Imran Khan and Jamil, Mohsin and Farina, Dario and Kamavuako, Ernest Nlandu},
  journal   = {Sensors},
  volume    = {18},
  number    = {8},
  pages     = {2497},
  year      = {2018},
  publisher = {MDPI}
}

@article{parajuli2019real,
  title     = {Real-time EMG based pattern recognition control for hand prostheses: A review on existing methods, challenges and future implementation},
  author    = {Parajuli, Nawadita and Sreenivasan, Neethu and Bifulco, Paolo and Cesarelli, Mario and Savino, Sergio and Niola, Vincenzo and Esposito, Daniele and Hamilton, Tara J and Naik, Ganesh R and Gunawardana, Upul and others},
  journal   = {Sensors},
  volume    = {19},
  number    = {20},
  pages     = {4596},
  year      = {2019},
  publisher = {mdpi}
}